../../Bibl/Books2.bib